<record xmlns="http://www.loc.gov/MARC21/slim" xmlns:xsi="http://www.w3.org/2001/XMLSchema-instance" xsi:schemaLocation="http://www.loc.gov/MARC21/slim http://www.loc.gov/standards/marcxml/schema/MARC21slim.xsd"><leader>01412nam a2200301   4500</leader><controlfield tag="001">1922658</controlfield><controlfield tag="003">NIC</controlfield><controlfield tag="006">m        d        </controlfield><controlfield tag="007">cr cn |||m|||a</controlfield><controlfield tag="008">150113q19601969iq a    o     000 1 ara d</controlfield><datafield ind1=" " ind2=" " tag="040"><subfield code="a">NNU</subfield><subfield code="b">eng</subfield><subfield code="c">NNU</subfield></datafield><datafield ind1="1" ind2=" " tag="100"><subfield code="6">880-01</subfield><subfield code="a">Siba&#772;&#699;i&#772;, Yu&#772;suf.</subfield></datafield><datafield ind1="1" ind2="0" tag="245"><subfield code="6">880-02</subfield><subfield code="a">Laya&#772;l wa-dumu&#772;&#699;</subfield><subfield code="h">[electronic resource] /</subfield><subfield code="c">Yu&#772;suf al-Siba&#772;&#699;i&#772;.</subfield></datafield><datafield ind1=" " ind2=" " tag="260"><subfield code="6">880-03</subfield><subfield code="a">[Cairo] :</subfield><subfield code="b">Mu&#700;assasat al-Kha&#772;nji&#772; ;</subfield><subfield code="a">Bayru&#772;t : al-Maktab al-Tija&#772;ri&#772;,</subfield><subfield code="c">[196-]</subfield></datafield><datafield ind1=" " ind2=" " tag="300"><subfield code="a">online resource (199 p.) :</subfield><subfield code="b">ill.</subfield></datafield><datafield ind1=" " ind2=" " tag="500"><subfield code="a">Part of the Arabic Collections Online (ACO) project, contributed by Cornell University Libraries.</subfield></datafield><datafield ind1=" " ind2=" " tag="533"><subfield code="a">Electronic reproduction.</subfield><subfield code="b">New York, N.Y. :</subfield><subfield code="c">New York University,</subfield><subfield code="d">2015.</subfield><subfield code="5">NNU</subfield></datafield><datafield ind1="2" ind2=" " tag="710"><subfield code="a">Cornell University.</subfield><subfield code="b">Libraries.</subfield></datafield><datafield ind1="0" ind2=" " tag="730"><subfield code="a">Arabic Collections Online.</subfield></datafield><datafield ind1="0" ind2=" " tag="740"><subfield code="6">880-04</subfield><subfield code="a">Laya&#772;li&#772; wa-dumu&#772;&#699;.</subfield></datafield><datafield ind1="0" ind2="8" tag="776"><subfield code="i">Print version:</subfield><subfield code="a">Siba&#772;&#699;i&#772;, Yu&#772;suf.</subfield><subfield code="t">Laya&#772;l wa-dumu&#772;&#699;</subfield><subfield code="w">(NIC)1922658</subfield><subfield code="w">(OCoLC)64025038</subfield></datafield><datafield ind1="4" ind2="0" tag="856"><subfield code="u">http://hdl.handle.net/2333.1/69p8d1gn</subfield></datafield><datafield ind1="1" ind2=" " tag="880"><subfield code="6">100-01/r</subfield><subfield code="a">&#1587;&#1576;&#1575;&#1593;&#1610;&#1548; &#1610;&#1608;&#1587;&#1601;.</subfield></datafield><datafield ind1="1" ind2="0" tag="880"><subfield code="6">245-02/r</subfield><subfield code="a">&#1604;&#1610;&#1575;&#1604; &#1608;&#1583;&#1605;&#1608;&#1593; /</subfield><subfield code="c">&#1610;&#1608;&#1587;&#1601; &#1575;&#1604;&#1587;&#1576;&#1575;&#1593;&#1610;.</subfield></datafield><datafield ind1=" " ind2=" " tag="880"><subfield code="6">260-03/r</subfield><subfield code="a">[&#1575;&#1604;&#1602;&#1575;&#1607;&#1585;&#1577;] :</subfield><subfield code="b">&#1605;&#1572;&#1587;&#1587;&#1577; &#1575;&#1604;&#1582;&#1575;&#1606;&#1580;&#1610; &#1563;</subfield><subfield code="a">&#1576;&#1610;&#1585;&#1608;&#1578; : &#1575;&#1604;&#1605;&#1603;&#1578;&#1576; &#1575;&#1604;&#1578;&#1580;&#1575;&#1585;&#1610;&#1548; </subfield><subfield code="c">[196-]</subfield></datafield><datafield ind1="0" ind2=" " tag="880"><subfield code="6">740-04/r</subfield><subfield code="a">&#1604;&#1610;&#1575;&#1604;&#1610; &#1608;&#1583;&#1605;&#1608;&#1593;.</subfield></datafield><datafield ind1=" " ind2=" " tag="959"><subfield code="a">NNU</subfield><subfield code="b">WEB</subfield><subfield code="c">GENI</subfield><subfield code="t">0</subfield><subfield code="m">Electronic access</subfield><subfield code="s">01</subfield></datafield><datafield ind1=" " ind2=" " tag="999"><subfield code="i">NIC_1922658</subfield><subfield code="o">(OCoLC)ocm64025038</subfield></datafield></record>